2892 4575
234 404 305 484 226
466 439 474 446 -
506 391 601 471 Med.
622 413 739 474 recent.
765 352 895 474 Period.
921 394 999 476 ΙΙ.-
1090 435 1099 452 ι

233 557 480 654 temporibus,
507 557 633 650 quibus
658 557 862 634 Fridericus
884 558 1069 637 Secundus
1097 556 1243 637 Roma-

232 698 362 756 norum
382 675 578 768 imperatbr
602 698 679 750 eam
699 676 984 749 in'Saiemitano
1006 677 1239 772 &Neapoli-

233 812 321 872 tarro
348 792 464 867 studio
492 791 714 866 restituebam
773 791 1031 888 Physrologiam
1059 812 1201 868 omnem
1218 848 1238 886 ,

234 895 448 1002 omnemque
472 910 515 992 de
531 908 596 982 vsu
619 908 780 1002 partium·
796 909 1015 996 dodonam,
1039 933 1143 1002 quam
1157 913 1239 987 Ga·

94 1031 96 1038 “
144 1106 146 1114 ,
233 1029 335 1104 lenus
358 1027 395 1100 in
420 1027 519 1100 libris
546 1027 590 1102 de
614 1025 679 1100 vsu
706 1027 859 1120 partium
883 1027 1018 1119 primus
1050 1028 1238 1124 singularia

141 1223 143 1228 f
234 1143 436 1236 disciplinae
462 1143 623 1215 medicae
651 1141 770 1216 forma
796 1142 1007 1216 tradiderat.
1030 1163 1077 1214 ne
1101 1145 1236 1238 tetige-

171 1321 176 1350 ,
232 1276 317 1333 runt
333 1257 486 1352 quidem.
537 1255 735 1354 Dostginae
762 1258 806 1328 de
826 1255 962 1333 morbis
987 1270 1127 1330 tanturn
1148 1281 1234 1351 par-

127 1407 133 1440 1
230 1377 378 1452 ticulam
397 1371 659 1468 pertrastarunt
684 1397 782 1464 earu,
803 1395 899 1465 guae
923 1374 966 1446 ad
984 1388 1137 1466 quatuor
1153 1376 1234 1448 ele-

232 1507 354 1568 menta
375 1473 574 1582 eorumque
601 1491 790 1580 qualitates
816 1491 867 1582 (§.
890 1500 972 1597 288¹.
997 1491 1153 1585 2890&
1184 1491 1233 1566 ad

160 1631 162 1636 ·
232 1626 388 1706 quatuor
408 1607 577 1678 humores
597 1608 648 1694 (1.
674 1609 778 1699 291.)
796 1604 939 1702 spedat.
988 1607 1128 1682 Verum
1148 1607 1229 1698 bis,

233 1750 323 1822 quae
342 1721 531 1799 uniuersae
544 1722 774 1818 pathologiae
791 1744 812 1794 a
827 1723 970 1797 Gaieno
985 1723 1132 1799 traditae
1146 1723 1232 1799 fun·

232 1849 396 1918 damenta
414 1855 537 1948 erant,
562 1839 679 1914 minus
697 1840 751 1914 vir
766 1836 847 1913 sunt
866 1840 910 1912 ad
928 1840 1138 1937 morborum
1153 1843 1230 1914 ori·
1314 1847 1317 1854 ’

230 1964 330 2060 gines
358 1939 607 2052 explicandas,
642 1959 752 2054 magis
785 1961 829 2033 ad
860 1957 999 2032 diaetae
1026 1961 1165 2057 regulas
1191 1959 1228 2034 dc

231 2077 407 2152 aaronem
426 2069 771 2149 medicamentorum
786 2071 1092 2179 constituendam:
1116 2079 1166 2152 ita
1180 2094 1229 2173 ut

102 2235 112 2250 =
232 2192 409 2291 calidum,
430 2188 619 2284 frigidum,
638 2190 791 2283 ficcum,
811 2189 1019 2266 humidum
1008 2215 1045 2266 rn
1067 2215 1229 2307 corpore

227 2312 310 2383 ideo
337 2306 556 2395 statuerent,
580 2321 626 2381 vt
656 2309 901 2399 intemperiei,
934 2330 991 2382 ex
1002 2310 1057 2385 hir
1091 2328 1226 2406 natae,

229 2424 452 2515 alimenta&
460 2423 720 2501 medicamenta
739 2424 920 2500 contraria
941 2446 1130 2519 opponere
1141 2429 1224 2522 pos·
1240 2416 1246 2423 ⁴

100 2630 103 2643 ι
224 2544 323 2629 rzseu
350 2556 505 2644 quatuor
525 2563 617 2615 vero
637 2543 818 2615 humores
833 2562 960 2615 eorum
984 2544 1105 2638 causa,
1131 2568 1223 2640 quae

230 2662 298 2735 hos
313 2660 481 2733 humores
497 2660 651 2743 educere
673 2660 859 2752 putabant.
1239 2668 1242 2671 ”

180 2764 185 2775 ’
297 2783 332 2855 S.
360 2798 442 2872 319.
456 2774 751 2869 symptomata
740 2794 778 2848 ru
810 2775 945 2851 morbis
974 2776 1091 2853 minus
1121 2748 1222 2857 cura

227 2899 335 2984 bant,
360 2890 580 2981 breuiffime,
607 2913 697 2983 quae
714 2892 757 2965 ad
776 2907 823 2963 ea
837 2892 1014 3001 spodiant,
1037 2921 1222 2992 exponen·

226 3029 305 3102 tes,
338 3028 382 3083 vt
404 3010 447 3083 ad
470 3006 795 3127 medicamenta,
785 3031 832 3081 ur
845 2998 974 3102 quibus
997 3015 1220 3108 copiosrffimi
1258 3051 1263 3060 ·

118 3164 121 3173 ·
225 3117 351 3217 erant,
387 3144 435 3199 eo
455 3118 569 3199 citius
594 3124 843 3216 pervenirent
887 3127 1026 3225 Signa
1016 3153 1054 3204 rn
1082 3133 1220 3238 morbis
1303 3221 1306 3229 Δ

136 3314 140 3321 ,
225 3246 393 3329 salutem,
418 3242 540 3327 crism,
570 3256 739 3321 mortem
750 3238 1011 3341 praesagientia
1028 3264 1089 3323 aut
1117 3252 1217 3360 peni
1282 3294 1285 3301 ·

100 3388 103 3395 ¹
213 3379 283 3453 tus
298 3362 548 3456 negligebant,
577 3372 638 3433 aut
658 3356 711 3430 his
726 3371 865 3432 tanturn
888 3363 1133 3454 utebantur,
1126 3381 1219 3459 quae

225 3478 315 3551 de
286 3499 335 3551 us
362 3472 521 3551 Galenus
546 3474 697 3551 dixerat.
754 3474 992 3555 Occasionem
1012 3483 1219 3561 medicinae

193 3654 198 3660 ,
221 3593 272 3667 i‘ta
292 3592 558 3668 contrahendae
575 3590 673 3664 dedit
686 3590 830 3683 antiqua
843 3594 905 3667 illa
925 3597 969 3669 de
984 3595 1167 3673 medicina
1176 3602 1217 3687 in

220 3725 295 3785 tres
309 3724 428 3803 partes
444 3700 583 3782 diducta
600 3707 726 3799 opinio
739 3701 795 3806 (1.
816 3714 928 3805 142).
962 3712 1051 3800 Inde
1068 3737 1225 3809 quoque,

202 3827 339 3961 ,omnis
362 3837 490 3900 eorum
501 3822 695 3910 medicina
728 3826 773 3899 ad
800 3826 877 3920 ejus
900 3830 1111 3911 exercitium
1134 3834 1218 3912 fere

181 3958 183 3962 ·
1062 3948 1213 4033 solum
