2892 4575
277 355 350 491 tn
531 385 628 464 Mer.
650 404 782 464 rums
798 386 926 464 rarior.
951 381 1018 464 vr.

187 586 192 602 ¹
276 549 558 649 typographicae
587 552 672 630 artis
696 573 772 626 non
798 550 913 626 statim
940 545 1137 641 priscorum
1161 545 1289 622 libro·

275 692 356 754 rum
382 667 552 758 exempla
582 667 818 760 multiplicata
843 665 998 758 suerint,
1042 689 1165 759 neque
1193 689 1293 744 mox

137 854 146 877 ,
277 785 366 860 editi
386 783 453 856 fint
476 781 631 873 Graeci,
656 782 798 856 Graece
826 780 1020 876 exscriptis.
1042 799 1167 858 tamen
1192 783 1290 858 Ara.

276 899 443 978 hillarum
471 920 520 972 ex
546 897 704 972 Arabico
731 899 912 974 versiones
942 899 1178 993 antiquorum
1210 923 1293 974 me.

276 1021 441 1096 dicorum
466 1015 502 1089 u
525 1016 711 1090 versiones
738 1017 908 1107 quaedam
933 999 1107 1090 librorum
1129 1017 1294 1090 medici·

223 1208 227 1219 ,
276 1137 413 1213 nelium
436 1154 483 1206 ex
512 1133 656 1207 Graeco
692 1129 805 1206 factae
841 1153 927 1204 mox
966 1134 1061 1230 typis
1085 1132 1293 1207 mandatae

204 1331 212 1348 ,
276 1250 391 1329 sunt'
429 1249 547 1324 Latini
573 1247 703 1323 medici
735 1247 768 1318 δι
796 1248 852 1320 alii
880 1248 981 1322 latini
1014 1247 1220 1343 scriptores
1250 1251 1295 1328 ad

135 1351 137 1362 ’
168 1409 177 1430 1
277 1365 490 1446 medicinam
508 1363 733 1458 pertinentes
751 1363 825 1438 non
847 1365 960 1460 longo
982 1363 1063 1458 post
1089 1367 1294 1442 inventam

279 1500 393 1560 artem
419 1477 713 1576 typographicam
748 1481 923 1572 temporis
954 1480 1156 1553 intervallo
1189 1481 1294 1580 typis

276 1598 446 1694 exscripti
461 1597 562 1687 stent,
589 1595 745 1682 Plinius,
772 1593 967 1670 Cornelius
987 1594 1124 1675 Celsus.

351 1712 385 1817 p
402 1738 484 1810 ⁴57·
509 1713 616 1790 Hanc
638 1712 759 1786 omnia
781 1716 835 1802 (ς.
858 1733 903 1806 4⁵
913 1717 1106 1809 1a455.)‚
1140 1713 1185 1786 in
1216 1712 1292 1812 pri.

276 1836 346 1911 ntis
375 1854 470 1908 vero
493 1831 658 1925 exempla
682 1831 858 1902 librorum
890 1831 987 1923 typis
1013 1831 1291 1923 exscriptorum

278 1949 539 2061 multiplicata,
556 1935 615 2022 o·
636 1968 771 2041 opera,
804 1968 895 2039 quae
920 1947 1187 2042 Hippocratis,
1216 1945 1292 2018 Ga.

278 2069 354 2145 leni
369 2065 469 2140 libris
486 2066 582 2161 typis
602 2062 843 2150 exscribendis
866 2080 1025 2140 exeunte
1044 2061 1196 2150 saeculo
1218 2061 1292 2136 XV

126 2235 130 2242 -
153 2250 166 2259 Α,
279 2180 437 2276 impensa
456 2181 528 2268 est,
544 2180 773 2270 effecerunt,
800 2196 845 2254 vt
866 2201 942 2256 non
966 2182 1008 2254 ad
1029 2180 1148 2252 solum
1166 2178 1288 2252 ·Gale·

213 2327 218 2339 ·
279 2322 388 2388 num,
412 2318 490 2373 non
500 2287 549 2372 ad
566 2296 663 2370 solos
682 2297 822 2371 Arabes
845 2296 879 2371 δι
901 2294 1081 2373 Arabistas
1103 2296 1285 2393 legendos

279 2416 410 2493 medici
427 2414 722 2508 impellerentur,
746 2414 805 2488 sed
823 2431 867 2489 vt
888 2416 977 2489 alios
1001 2434 1151 2507 quoque
1175 2414 1284 2491 medi

279 2552 346 2607 cos
362 2533 545 2629 legerent,
570 2529 839 2622 discerentque,
867 2530 964 2623 quod
982 2529 1157 2605 haetenus
1180 2530 1280 2627 igno·

161 2637 164 2645 ’
278 2646 411 2725 raville
429 2663 533 2724 erant
556 2645 642 2738 visr,
678 2648 746 2719 alia
767 2648 882 2744 adhuc
904 2647 978 2721 dari
1000 2646 1207 2723 medicinae
1232 2643 1284 2740 sy·

190 2753 194 2759 ⁸
279 2764 448 2857 stemate,
489 2766 573 2838 alias
598 2762 801 2857 doetrinae,
838 2762 1286 2859 aliasquemedicinee&
1327 2824 1328 2843 ,

279 2880 488 2972 discendae,
505 2880 540 2953 dc
561 2881 787 2954 exercendae
805 2882 906 2973 vias,
928 2898 1173 2975 praetereas,
1196 2900 1285 2973 quas
1326 2914 1328 2925 ν

280 2997 409 3073 vnica's
426 2996 460 3070 dc
478 2996 588 3071 vniee
605 3003 718 3071 veras
736 2995 807 3071 else
830 2996 999 3073 haetenus
1023 2997 1172 3071 fuerant
1190 2995 1285 3071 arbi·

135 3185 138 3193 .
280 3114 378 3190 nati.
425 3110 538 3189 Nun'c
553 3112 697 3208 sensim,
713 3114 939 3227 Hippocrate
949 3110 1156 3208 praesertim
1177 3114 1286 3205 duce,

282 3228 579 3321 observationum
605 3230 758 3307 studium
778 3230 908 3307 iterum
929 3231 1052 3327 agitari
1079 3246 1287 3327 coeptum,

279 3348 478 3441 *eademque
503 3346 645 3421 ratione
670 3350 998 3443 contemplationes
1027 3366 1104 3423 non
1138 3349 1285 3423 deletae

284 3466 427 3559 quidem
448 3463 551 3551 sunt,
578 3464 638 3538 vis
659 3478 806 3555 tamen,
833 3490 936 3561 quarn
962 3469 999 3541 in
1025 3464 1185 3563 practica
1211 3487 1284 3541 me·

281 3581 400 3658 dicina
421 3582 638 3672 habuerant,
664 3579 788 3659 sensim
806 3574 944 3661 minuta
963 3584 1026 3662 est.
1121 3622 1124 3626 ·

355 3705 389 3788 §.
413 3712 494 3792 458.
527 3698 654 3779 causas
680 3716 847 3781 externas
876 3701 1097 3779 vniversales
1126 3703 1283 3777 morbos

272 3832 360 3919 xnon
377 3834 461 3892 raro
480 3818 709 3918 producere,
731 3842 830 3901 nunc
853 3822 996 3901 denum
1013 3818 1117 3909 recle,
1132 3820 1281 3895 intelle·
1325 3920 1326 3923 Ν

732 3980 734 3989 ι
1184 3935 1279 4012 stum
1324 3946 1326 3991 l
