2892 4575
76 566 79 575 .
143 529 145 535 ,
204 477 305 571 'Cap
327 467 467 562 XXIV,
490 471 583 549 Med.
610 471 938 568 dogmaticum-post
955 471 1122 591 Galerium.
1148 489 1221 571 227

223 633 334 706 solum
357 629 553 725 speslabat,
570 631 774 724 duplexque
792 645 869 702 erat
883 631 1073 705 diaeretica
1087 653 1219 724 nempe
1331 606 1335 627 ¹

223 757 329 842 atque
355 749 664 846 pliarmaceutica,
692 746 918 838 quibusdam,
947 748 1157 842 chirurgiam
1177 746 1218 821 fi-

221 867 295 940 mul
315 863 608 956 exponentibus,
635 864 779 955 triplex.
831 860 1049 932 Medicinam
1071 862 1220 934 vniver-

124 1058 128 1066 ,
169 1001 171 1008 ’
221 981 291 1055 sam
324 981 391 1060 his,
409 978 568 1071 partibus
601 973 893 1070 comprehensam
933 974 1003 1047 esse
1033 989 1219 1069 putarunt.
1333 976 1354 1013 ·'

169 1087 173 1104 '
221 1096 374 1188 Reliqua
396 1093 515 1165 omnia
536 1095 579 1164 ab
603 1116 645 1164 ea
669 1091 904 1166 absciderunt.

294 1217 330 1298 §.
357 1231 437 1306 320.
463 1208 566 1304 Quae
590 1231 670 1282 cum
695 1210 745 1282 ita
770 1207 858 1311 lint,
891 1202 1103 1296 intelligitur
1122 1228 1220 1280 nunc
1306 1292 1308 1299 Ι

223 1347 369 1418 quoque
382 1333 403 1410 ,¹
419 1326 522 1416 quale
537 1323 823 1418 dogmaticomm
843 1318 993 1412 systema
1007 1318 1060 1388 his
1078 1334 1219 1407 tempo·
1260 1319 1285 1407 Ἰ

116 1444 124 1464 ’
219 1439 317 1510 ribus
333 1435 455 1508 fuerit.
503 1432 590 1526 Ejus
605 1436 797 1508 notionem
817 1434 911 1505 dabo
932 1429 1217 1522 qualemcunque

222 1561 268 1626 ex
283 1550 454 1642 Oriundi,
481 1552 541 1644 qui
557 1551 709 1656 Juliani,
736 1549 883 1646 Joviani
900 1547 936 1619 u
950 1547 1115 1621 Valentis
1129 1564 1220 1621 tem·

218 1668 368 1764 poribus
389 1670 452 1756 (ab
473 1649 655 1762 ann036'1
683 1663 795 1759 vsque
823 1666 866 1738 ad
888 1684 1019 1746 annum
1043 1675 1110 1757 378
1136 1662 1220 1756 post

219 1780 415 1876 Christum)
440 1781 590 1869 floruit,
618 1782 759 1874 synopsi
782 1782 1004 1871 medicinae,
1031 1803 1135 1873 quam
1158 1803 1219 1855 ex·

166 1925 173 1934 ¹
221 1909 381 1990 cerptam
423 1919 468 1968 ex
499 1899 636 1987 majore
672 1894 929 1968 colledionum
953 1896 1217 1972 medicinalium

220 2032 333 2104 opere
356 2011 399 2084 ad
417 2010 638 2090 Eustatbium
653 2010 765 2085 lilium
782 2009 999 2104 perscripsit,
1023 2012 1060 2084 u
1075 2034 1122 2097 eo
1143 2014 1216 2106 qui

107 2133 110 2137 '
152 2144 156 2150 ·
219 2128 300 2202 dem
328 2125 421 2217 fine,
463 2141 507 2202 vt
542 2128 571 2200 is
599 2126 713 2200 totius
735 2125 935 2203 medicinae
964 2120 1218 2223 compendium

217 2245 378 2319 haberet.
414 2243 470 2319 Ex
492 2244 561 2318 hac
575 2245 695 2337 itaque
709 2241 848 2336 synopsi
863 2243 1093 2339 perspicitur,
1109 2270 1230 2345 quaes

92 2384 100 2395 ’
217 2384 300 2436 narn
316 2361 459 2437 medico
481 2361 549 2437 suis
570 2360 794 2455 temporibus
808 2358 899 2435 scitu
915 2362 1019 2435 vtilia
1033 2363 1104 2437 elle
1120 2365 1251 2457 judi·
1326 2362 1371 2381 ·’

218 2478 369 2555 caverit.
419 2477 463 2551 In
482 2502 525 2552 ea
546 2480 648 2563 ,hunc
673 2471 836 2578 ordinem
861 2476 1044 2569 sequitur.
1064 2487 1118 2555 'vt
1141 2482 1216 2575 pri-

189 2667 192 2675 ,
217 2616 314 2668 mum
336 2596 379 2668 de
395 2594 551 2669 sanitatis
568 2594 748 2688 praesidiis
766 2594 957 2685 loquatur,
982 2594 1215 2670 exercitatioss

198 2710 322 2793 „nibus
350 2712 536 2802 corporis,
557 2804 560 2807 Ι
579 2710 753 2810 sanguinis
787 2701 948 2783 misione
979 2713 1097 2789 varia,
1142 2712 1217 2786 alui

218 2825 453 2919 purgatione,
481 2827 644 2912 lotione,
679 2825 836 2919 balneis,
869 2826 1074 2932 finapismo,
1100 2843 1215 2920 vtque

118 2966 122 2972 ·
214 2942 286 3034 jam
303 2942 340 3013 in
354 2941 426 3027 hoe
440 2940 535 3015 libro
552 2961 642 3035 quae
660 2943 749 3015 sanis
767 2962 812 3013 ex
838 2942 909 3015 boc
925 2943 1139 3016 auxiliorum
1153 2965 1214 3040 ge,
1334 3037 1337 3046 ¹

218 3074 306 3131 nere
327 3058 552 3139 conveniant
565 3058 727 3147 enarret,
753 3056 892 3150 &quae
909 3060 1041 3157 aegris:
1065 3050 1212 3133 turba‘to
1313 3059 1320 3071 “

218 3173 312 3246 enim
341 3174 483 3267 penitus
505 3177 633 3253 ordine
655 3176 699 3249 de
713 3176 886 3276 *remediis
900 3172 1213 3268 metasyncriticis‚

132 3290 134 3302 '
219 3286 264 3361 de
284 3290 498 3383 dropacibus
513 3293 682 3385 aliisque,
701 3309 792 3385 quae
805 3294 849 3366 ad
864 3292 967 3369 sanos
984 3287 1214 3368 n‘ullo'modo

217 3404 423 3499 pertinent,
461 3406 604 3483 disserit.
673 3406 788 3499 Libro
815 3409 931 3509 altero
952 3412 1215 3485 medicamenta

217 3526 381 3603 nominat
395 3525 613 3599 mutationes
632 3524 839 3599 inducentia
856 3525 1001 3617 penitus
1019 3549 1064 3599 ex
1082 3526 1227 3600 Galeni·

83 3721 87 3731 ι
140 3684 146 3697 -
217 3638 913 3739 menteeorumquegradusconstituit,
931 3641 967 3723 dt
985 3644 1035 3718 ita
1052 3645 1212 3737 quidem,
1340 3698 1346 3713 ›

217 3768 263 3827 vt
280 3760 433 3845 quorum
447 3758 594 3851 gradum
614 3760 774 3833 Galenus
793 3772 855 3831 aut
872 3758 1123 3854 ignoraverat,
1151 3771 1232 3831 aut·
1329 3752 1343 3760 ’

217 3867 359 3945 silentio
374 3872 680 3970 transiverat,bic
691 3872 818 3972 exade·
830 3874 1058 3974 describeret.
1107 3870 1215 4061 Ordss

267 4038 269 4043 ,
771 3990 799 4067 Ρ
822 4013 846 4065 o
945 3997 949 4005 '
1160 4008 1182 4059 ο
