2892 4575
221 445 288 516 tou
441 437 534 511 Meu.
561 443 707 531 antiquae
734 436 862 510 Parioi.
888 412 957 506 IV.
1015 449 1019 463 ·
1116 493 1123 507 ,

104 576 107 585 ¹
219 615 303 678 runt
324 597 542 690 methodici,
567 597 606 668 in
630 594 758 687 quibus
777 596 936 668 medicus
961 606 1022 664 aut
1051 583 1212 668 habitunt

209 715 479 813 aegrotantium
505 726 660 786 mutaret
683 709 734 784 'ex
753 709 918 819 adstricio
937 709 975 782 in
997 710 1142 800 laxum,
1176 709 1213 783 oc

220 850 348 908 contra
375 826 717 930 (metasyncriticunr
739 828 882 918 cyclum
907 824 1137 918 vocabant),
1152 837 1214 898 aut
1265 859 1267 862 ·

221 950 358 1024 viribus
376 944 599 1036 consuleret,
617 965 675 1016 eas
692 943 728 1014 δι
747 939 1017 1033 conservando,
1032 940 1066 1010 ἂ
1082 961 1213 1034 augen-

220 1068 288 1158 do,
313 1066 372 1159 qui
399 1061 637 1154 resumptivus
662 1060 787 1154 cyclus
809 1072 898 1141 erat.
955 1056 1023 1130 His
1048 1053 1219 1160 circulis,

219 1205 304 1258 mox
331 1202 404 1254 vna
430 1180 591 1252 alterave
610 1177 778 1268 diatrito,
818 1191 904 1247 mox
928 1195 1022 1253 vero
1051 1174 1214 1267 pluribus

219 1295 505 1391 comprehenfis,
541 1293 656 1366 omnis
684 1313 811 1364 eorum
833 1289 1010 1364 medicina
1043 1289 1210 1363 continc-

87 1437 90 1458 ¹
216 1408 321 1490 batur
342 1413 385 1504 c).
435 1412 493 1484 Ad
510 1411 688 1483 vomitum
710 1429 856 1502 quoque
877 1407 1210 1502 concitandumcy·
1267 1413 1275 1422 “
1366 1414 1367 1421 ‘

218 1535 278 1606 clo
312 1528 502 1622 peculiari,
549 1547 656 1620 quent
676 1514 923 1619 'vomitorium
958 1525 1218 1618 appellabant,

96 1667 100 1674 ¹
217 1650 414 1722 utebantur
430 1646 481 1737 d).
537 1645 670 1736 Neque
691 1663 849 1734 unquam
871 1643 914 1715 ab
937 1663 1016 1715 vno
1035 1645 1143 1735 cyclo
1164 1645 1208 1718 ad

207 1766 322 1848 ,alium
349 1761 585 1848 transrerunt,
620 1761 685 1836 nist
717 1781 875 1854 corpore
901 1760 945 1834 ad
971 1762 1209 1837 mutationem

214 1878 427 1955 medelae&
451 1878 610 1958 alimenti
642 1877 765 1969 sedulo
784 1891 1007 1970 praeparato.
1043 1907 1046 1916 ·
1134 1911 1138 1915 Δ
1211 1908 1216 1918 «

264 1999 300 2090 c)
325 2004 397 2092 Fusa
417 2004 567 2082 descripfit
590 2005 711 2067 modum
733 2005 906 2081 resumptivi
928 2003 967 2065 δι’·
980 1998 1209 2083 metasyneritlcl
1283 2057 1286 2081 ,

312 2103 417 2164 circuli
444 2103 602 2164 adhibendi
623 2104 654 2162 in
685 2105 843 2178 cephalaea
861 2103 979 2165 Caelius
1003 2105 1108 2172 chron.
1126 2106 1164 2168 L.
1181 2107 1209 2177 1.

314 2218 341 2260 c.
362 2217 390 2260 1.
405 2216 436 2272 p.
457 2217 535 2276 αῖς.
556 2216 642 2276 quam
665 2201 892 2274 descriptionem
908 2200 1045 2262 Clericus
1063 2205 1208 2291 excerpit

250 2304 272 2375 g
315 2298 380 2363 mn
401 2298 479 2357 mea.
499 2298 577 2357 narr.
602 2298 640 2357 11.
657 2283 692 2359 ι’.
708 2298 763 2359 tv.
784 2288 905 2361 seen.
932 2316 959 2361 c.
992 2316 1098 2377 ¹1·r·
1126 2315 1207 2381 478·
1324 2297 1329 2315 .

314 2393 344 2455 ὄι
364 2410 399 2452 ex
419 2411 455 2453 eo
477 2394 633 2455 schulzius
656 2396 815 2469 compend.
833 2396 899 2455 hill.
919 2398 997 2457 med.
1013 2394 1041 2471 §.
1057 2398 1139 2474 675.

265 2480 308 2573 ti)
335 2491 430 2573 Quem
451 2510 487 2553 eu
504 2487 606 2551 Caelio
623 2494 763 2555 exhibent
776 2493 932 2566 Clericus,
946 2492 967 2554 1.
984 2494 1036 2557 cit.
1055 2491 1087 2556 ἀ
1102 2497 1209 2558 Schul-

314 2590 399 2662 zius,
424 2591 454 2649 in
471 2589 631 2663 compend.
651 2590 717 2651 hill.
739 2590 818 2673 med,
834 2586 862 2667 §.
884 2591 966 2664 679.
1196 2587 1199 2592 ⁴

290 2721 322 2807 §.
342 2736 424 2807 230.
443 2713 491 2789 Et
505 2715 567 2789 has
587 2700 730 2810 quidem
751 2716 957 2792 curationes
973 2716 1210 2792 medicamen·

96 2902 98 2907 ,
217 2835 263 2909 tis
285 2829 462 2927 perficere
491 2828 676 2909 tentarunt
705 2833 828 2929 paucis
854 2834 1076 2927 talibusque,
1120 2858 1211 2928 quae

124 2984 127 2991 ¹
220 2968 352 3043 corpus
375 2971 451 3050 non
477 2950 715 3025 vehementer
743 2948 939 3027 afficerent.
994 2951 1094 3023 Hinc
1119 2974 1211 3050 quae

217 3090 293 3143 non
312 3067 355 3140 ad
376 3067 614 3139 mutationem
639 3066 746 3140 stn'tli
770 3067 890 3138 laxivc
912 3068 1081 3143 conferre
1107 3081 1211 3163 puta·
1281 3061 1285 3065 ’

217 3188 323 3278 bant,
343 3185 556 3278 rejiciebant
570 3181 709 3271 omnia,
740 3170 1111 3271 evacuantia,'alvum
1127 3207 1213 3280 pur·

217 3305 334 3400 gantia
347 3300 573 3396 praesertim,
590 3300 730 3370 vrinam
749 3301 990 3388 concitantia,
1006 3302 1207 3377 somnifera.

86 3438 133 3503 ,·
216 3422 394 3492 Ventrem
411 3406 502 3491 adeo
522 3416 710 3509 perforare
727 3415 800 3505 his,
825 3416 951 3511 quibus
973 3418 1144 3521 aquaelin
1162 3437 1211 3489 co
1288 3492 1290 3495 Α

156 3550 159 3558 “
220 3532 332 3607 ess'ent
349 3534 540 3619 collectae,
566 3548 777 3608 vetuerunt.
827 3535 1011 3631 Sanguinis
1026 3533 1228 3621 miffione,

216 3650 388 3724 fomentis
411 3671 457 3721 ex
482 3672 571 3743 aqua
594 3651 728 3741 calida,
754 3652 863 3744 ole0,
890 3652 1230 3745 catapltlinatibus,'

205 3764 498 3854 adunationem,
524 3752 679 3861 frigore,
703 3770 935 3865 plantaginis,
959 3769 1090 3861 myrti,
1114 3767 1229 3842 rosa-³

215 3904 317 3979 rum,
341 3881 559 3977 semperviur‘
574 3883 710 3977 succo,
726 3884 820 3959 vino
832 3868 966 3980 rubro,
990 3886 1231 3983 laxationem·-

626 4036 632 4051 ·
1106 4024 1212 4078 cura·

503 4118 510 4169 t
1199 4160 1204 4167 .
