2892 4575
243 449 296 522 90
496 399 590 502 Med
614 427 759 522 autiquae
785 421 915 524 Period
933 418 986 500 ῙΙ.

241 588 527 666 dicamemotum
545 605 592 660 ex
612 581 764 672 Arabia,
796 582 915 680 India,
940 580 1076 674 Persia,
1090 581 1230 698 Aegy·

242 718 311 801 pto
332 704 521 790 allatorum
551 701 657 796 copia
677 699 867 796 practicam
888 721 964 777 non
986 677 1099 775 ibium
1118 699 1238 774 medi-1
1281 719 1302 807 Ἰ

216 820 355 898 ¹cinam
371 818 555 910 dilatavit,
585 836 714 894 verum
735 818 859 896 effecit
887 819 1016 909 etiam,
1041 833 1086 892 vt
1099 816 1230 897 sensim

238 937 346 1014 altior
368 937 411 1014 de
428 935 638 1022 morbortmt
661 933 857 1032 originibus
875 934 1015 1011 meoriu
1031 934 1230 1031 negligere·
1307 949 1326 970 ¹*

238 1069 322 1148 tur,
346 1065 465 1147 utque·
482 1049 612 1128 medici
638 1049 747 1150 magis
761 1051 817 1124 rde
841 1072 887 1124 eo
917 1051 1030 1128 essent
1061 1043 1226 1140 solliciti,

115 1173 119 1180 '
235 1169 336 1266 quod
352 1181 495 1268 curaret
512 1166 697 1258 morbum,
730 1191 835 1264 quam
859 1171 957 1264 quod
977 1167 1127 1245 iecisset.
1174 1167 1227 1245 Et
1281 1201 1284 1210 ’

235 1286 309 1360 hoc
327 1283 438 1360 modo
455 1282 550 1378 gesta
563 1281 606 1356 ab
623 1279 832 1359 Alexandro
846 1285 889 1358 ad
908 1281 1225 1380 empirlcaesediae
1276 1383 1279 1386 Φ

233 1399 390 1498 origines
410 1399 656 1494 contuleruut.
679 1443 681 1452 ,
1268 1389 1272 1393 ’

196 1541 198 1548 ’
305 1512 338 1616 d.
371 1536 449 1606 rag.
475 1512 745 1610 Theophrastus
768 1512 927 1605 Eresrus,
947 1515 1131 1606 Platonis,
1160 1513 1222 1588 de·
1289 1589 1293 1595 ,

157 1645 163 1655 “
231 1633 317 1714 inde
333 1630 539 1708 Aristotelis
558 1629 700 1706 auditor
710 1631 885 1726 hujusque
902 1634 940 1708 in
956 1633 1076 1707 schola
1089 1630 1223 1708 succes·

76 1790 80 1805 ‹
227 1744 309 1842 sor,
344 1748 407 1825 etii
435 1747 647 1823 medicinam
681 1769 757 1822 non
782 1751 947 1838 tradidit,
983 1748 1042 1824 sed
1067 1748 1222 1844 philoso-
1265 1796 1271 1805 ι

204 1933 207 1936 ,
222 1865 368 1960 phium,
395 1887 476 1941 cum
496 1861 607 1962 eaque
627 1864 670 1954 de
690 1864 859 1942 vniversa
872 1880 998 1942 natura
1011 1866 1220 1956 dominam,

225 2003 346 2078 neque
366 1986 404 2060 in
421 1981 643 2056 medicorum
660 1981 830 2058 dodirinis
845 1983 1033 2077 quidquam
1054 1981 1221 2070 mutavit,
1295 2016 1301 2026 ·

226 2101 479 2176 memorandus
501 2113 621 2176 tamen
648 2097 721 2190 est,
753 2098 837 2192 quia
859 2099 992 2192 primus
1017 2100 1062 2172 de
1083 2121 1123 2174 re
1138 2100 1220 2174 her·

226 2214 492 2302 barisanam,
534 2213 700 2289 &mirae
729 2215 871 2309 quidem
898 2215 1094 2315 sagacitatis
1119 2215 1218 2317 inde·

225 2330 372 2425 sedique
387 2330 492 2406 studii
508 2330 589 2411 nait.
638 2330 792 2427 Propria
815 2332 963 2432 ingenio
988 2332 1089 2421 usus,
1115 2334 1222 2432 itine·¹

206 2448 326 2552 ‚ribus
347 2464 414 2545 per
429 2463 544 2527 totam
566 2446 755 2525 Graeciam
776 2449 964 2537 institutis,
990 2470 1066 2526 non
1078 2451 1217 2544 plantas

164 2650 165 2665 ἴ
222 2562 337 2641 solum
359 2556 397 2638 in
419 2565 537 2660 patrio
556 2563 638 2638 solo'
657 2564 859 2652 crescentes
877 2564 1117 2661 perscrutatus
1144 2567 1217 2662 est,
1240 2564 1247 2585 ‘

221 2680 286 2761 sed
301 2700 447 2779 quoque
462 2680 735 2780 perAlexandri
747 2684 997 2776 expeditiones
1014 2706 1060 2761 ex
1073 2679 1221 2775 Arabia,

159 2784 162 2788 ’
218 2796 340 2887 mdia,
366 2799 563 2896 Aegypto,
588 2799 721 2875 allatas.
778 2798 1021 2875 Peritiffimum
1042 2803 1080 2876 in
1105 2802 1216 2875 medi·

201 2917 304 3006 'cina
328 2914 437 2994 sitisse
451 2914 533 2993 libri
550 2911 779 2993 medicinales
804 2918 848 2990 de
872 2915 1076 3006 sudoribus,
1101 2918 1216 2992 verti
1287 3020 1290 3026 ἣ
1343 2990 1349 2997 .

220 3032 324 3131 gine,
350 3031 624 3120 laffitudinibtts,
646 3053 847 3109 nervorum
866 3032 1107 3120 resolutione,
1139 3036 1215 3109 ani
1280 3072 1284 3079 ·

218 3150 270 3223 mi
293 3145 517 3245 desectione,
543 3148 625 3225 libri
640 3150 684 3224 de
697 3147 846 3225 historia
860 3146 1059 3247 plantarum
1080 3150 1214 3225 &libri
1267 3178 1272 3185 *

186 3273 189 3281 ’
221 3267 265 3341 de
292 3258 403 3343 taufis
424 3260 625 3363 plantarum
644 3262 820 3343 dotent:
822 3257 1041 3341 docuissent
1060 3269 1212 3343 maxime

218 3380 301 3456 iibri
324 3384 368 3457 de
387 3383 534 3486 historia
551 3382 753 3479 plantarum
772 3404 874 3459 nono
899 3383 1118 3479 superiores,
1150 3387 1210 3459 de·
1332 3464 1336 3469 ,

216 3496 360 3595 perditi
409 3474 609 3575 Botanicen
623 3497 690 3575 suis
711 3501 962 3595 temporibus
952 3501 1111 3596 inprimis
1129 3500 1211 3577 fuis-
1292 3556 1299 3562 -

215 3610 252 3687 se
275 3613 407 3691 cultam
428 3600 538 3691 multa
566 3614 725 3693 suadent.
782 3614 989 3716 Thrasyatn
1001 3617 1211 3695 Mantinen·

216 3728 289 3807 sem
304 3729 338 3808 dr
353 3731 585 3829 Alexiadem,
599 3755 653 3809 rer
644 3734 854 3810 herbariae
868 3730 1113 3831 peritissimos,
1135 3730 1210 3829 ipse
1271 3782 1275 3790 -
1366 3777 1367 3790 ι

215 3860 451 3927 memsam.

1032 3983 1113 4117 ‘§3
1126 3914 1207 4066 ιιι.
