2892 4575
261 469 328 572 444
494 455 592 533 Mea.
612 461 758 553 antiquae
785 454 913 530 Period.
932 457 957 532 I
959 457 1001 530 V.
1075 420 1080 429 ¹
1361 147 1369 572 4

303 624 490 710 o)Caelius
506 633 622 690 acutos.
642 627 678 688 L.
696 625 720 687 l.
738 637 807 704 pag.
824 646 857 690 2.

248 725 648 818 4)(44144444441.
664 723 731 786 1..c
752 740 858 804 14..p
881 733 941 796 42.

302 822 342 910 q)
368 823 491 894 Caelius
510 822 583 884 ibid.
600 839 631 900 p.
653 834 710 894 44.

287 928 349 1032 4
368 953 448 1026 194·
461 921 640 1014 Animum
647 950 693 1000 ex
705 923 924 1001 subtrlrss'rmrs
936 920 1065 996 atomis
1075 919 1255 1016 compofi
1366 960 1368 1017 4

253 1066 333 1126 tum
351 1044 440 1120 esre
451 1045 599 1139 docuit,
621 1044 711 1120 ficut
733 1043 911 1138 Epicurus
935 1041 987 1135 (4
1012 1041 1117 1133 185)
1152 1060 1252 1112 eum-

186 1171 326 1315 sque
347 1161 509 1237 sensuum
535 1161 694 1264 omnium
722 1161 977 1257 colleftiopem
1001 1157 1102 1231 dixit.
1151 1153 1253 1226 Hinc

253 1299 413 1358 anrmum
430 1278 467 1354 in
490 1278 638 1369 quadam
660 1277 826 1373 corporis
847 1291 947 1373 parte
972 1273 1123 1348 resrdere
1142 1292 1252 1366 nega·

251 1397 328 1486 vit,
352 1395 415 1474 sed
439 1415 583 1469 omnem
607 1395 775 1488 corporis
798 1409 957 1507 partem,
990 1389 1090 1466 sensu
1108 1387 1250 1486 praedi·
1366 1476 1368 1489 ⁴

110 1538 122 1584 κ
250 1531 347 1607 tam,
368 1513 526 1588 animum
547 1509 738 1584 continere
761 1511 888 1584 docuit
904 1511 953 1603 r).

80 1683 85 1700 .
296 1638 336 1734 r)
361 1640 484 1704 Caelius
502 1641 581 1700 acbt.
601 1639 637 1702 L.
653 1637 720 1702 Le
745 1651 799 1712 14.
815 1626 847 1715 p„
867 1649 925 1717 45.
941 1637 1047 1702 Galen
1064 1633 1249 1698 densatelio.

169 1783 203 1836 *t
344 1751 406 1817 99.
428 1749 451 1799 t.
468 1735 507 1796 ll.
527 1753 559 1814 p.
579 1751 660 1814 243.

215 1892 217 1896 ‚
319 1851 358 1938 4.
379 1865 463 1940 195.
491 1841 580 1916 Cum
604 1832 728 1920 omnia
748 1842 792 1914 ab
822 1841 950 1916 atomis
972 1842 1168 1941 deduceret
1187 1860 1247 1938 or·

247 1963 331 2040 dine
353 1983 398 2036 ac
420 1959 683 2053 compositione
705 1957 810 2032 reftis
833 1974 895 2034 aut
916 1959 1032 2034 minus
1053 1956 1158 2032 settis
1180 1978 1247 2051 per
1269 1981 1274 2000 ·

246 2075 328 2155 vias
351 2075 599 2170 manantibus,
623 2077 761 2182 nullum
776 2075 918 2168 quidem
941 2098 1062 2150 earum
1081 2090 1245 2150 mutuum
1313 2088 1320 2107 ¹

124 2224 127 2239 ·
245 2193 457 2283 attaliam,
483 2213 589 2285 quem
607 2189 781 2287 Epicurus
798 2192 949 2291 existere
965 2194 1160 2282 docuerat,
1180 2189 1244 2263 sta·

243 2313 349 2403 tuit‚f
364 2325 523 2384 attamen
550 2310 828 2403 propensionem
856 2311 1028 2403 quandam
1057 2311 1101 2387 ad
1126 2312 1245 2407 ingre·

246 2428 417 2507 diendum
436 2426 475 2499 in
493 2430 628 2519 poros,
650 2448 716 2520 per
739 2447 874 2520 eosque
893 2428 1053 2515 meandi,
1086 2444 1202 2503 natam
1222 2446 1244 2499 a

112 2530 114 2535 ¹
241 2542 336 2647 'justa
351 2558 558 2618 atomorum
574 2542 670 2616 inter
685 2541 720 2615 fe
735 2543 771 2616 &
791 2560 877 2616 ‘cum
895 2545 1072 2619 meatibus
1089 2561 1243 2638 propor-

199 2741 203 2758 ,
244 2660 350 2742 tione
373 2658 438 2753 s),
465 2680 533 2753 qua
555 2659 684 2733 vitiata
700 2660 849 2735 morbos
864 2681 952 2735 mox
971 2659 1064 2734 nasci
1083 2658 1241 2754 putavit.

111 2776 115 2783 ’
238 2778 450 2877 'Quomodo
477 2777 688 2850 morborum
719 2776 874 2872 origines
900 2774 1240 2872 explicaveritsin·

238 2902 383 2971 'certum
418 2892 561 2987 quidem
592 2892 663 2985 est,
707 2881 834 2987 typum
864 2908 985 2969 tamen
1012 2893 1241 2989 quotidianae

199 3008 208 3164 4
241 3010 353 3091 febris
381 3010 644 3101 maximorum,
691 3011 866 3083 tertianae
899 3010 1099 3097 minorum,
1136 3026 1276 3101 quar-s

201 3139 348 3201 tanae
366 3126 596 3200 minimorum
612 3123 906 3219 corpusculorum
921 3124 1138 3224 manantium
1151 3122 1238 3219 stag-

203 3242 391 3342 {matione
426 3245 464 3315 in
495 3243 669 3317 meatibus
697 3240 928 3335 explicavisse
958 3212 1100 3314 Caelius
1120 3239 1153 3330 r)
1181 3258 1237 3311 re

203 3345 333 3435 fert:
377 3356 498 3433 Celsus
525 3378 620 3431 vero
646 3356 688 3449 u)
715 3348 1032 3435 inflammationem
1057 3355 1172 3447 nesci,
1205 3354 1238 3428 s1

173 3553 196 3601 s
205 3474 420 3555 manantia
443 3474 654 3569 corpuscula
670 3473 939 3570 perinvifibilia
962 3461 1138 3549 foramina
1158 3469 1236 3544 fub-
1289 3468 1295 3477 ’

236 3587 391 3668 fistendo
411 3591 481 3665 iter
498 3592 679 3681 claudunt.

290 3709 334 3798 s)
360 3694 465 3779 Galea.
481 3718 518 3778 de
531 3698 595 3779 nat.v
613 3718 716 3780 facult.
734 3718 771 3781 L.
786 3716 810 3779 1.
832 3737 860 3783 c.
881 3678 939 3796 ¹14.
955 3728 979 3778 t.
998 3714 1039 3778 V.
1058 3732 1089 3792 p.
1111 3732 1172 3781 aa.

284 3808 325 3893 t)
349 3812 433 3875 Cael.
454 3828 532 3877 aeut.
550 3816 587 3879 L.
609 3816 634 3881 1.
649 3832 677 3877 c.
698 3831 751 3891 14.
771 3831 803 3888 p.
828 3828 886 3891 44.

282 3904 325 3996 a)
349 3908 429 3983 Cels.
444 3910 644 3987 praenatis..
668 3912 696 3975 1.
712 3928 746 3987 p.
765 3928 800 3990 4.
897 3915 899 3920 ’
1007 3962 1012 3970 .

1095 4017 1129 4101 4
1150 4015 1229 4103 196.
