2892 4575
86 271 273 343 r''

87 364 93 377 .

86 386 91 407 Ι

158 433 163 446 l

85 434 222 543 tw

84 548 89 608 l

314 460 392 554 Cap.
413 457 558 531 XVIII.
580 461 670 532 Sella
685 462 872 534 medicorum
877 459 1160 560 paramentorum
1188 413 1261 563 idq>
1321 436 1324 457 ι

263 619 479 728 maticorurn
503 619 610 693 altior
634 622 896 714 contemplatio
920 621 1145 716 versabatur,
1179 649 1256 702 non

263 709 512 834 requirebant,
537 757 607 810 nec
628 759 703 810 non
728 737 778 807 ob
804 737 1089 831 dogmaticorum
1110 745 1254 818 medici-
1259 739 1292 810 ζ

260 870 364 942 nam,
389 873 479 944 quae
494 853 556 926 etsr
578 852 733 926 diversas
761 853 805 925 de
827 855 1019 930 latentibus
1043 863 1254 940 morborum

263 969 372 1042 tausis
399 965 590 1042 sententias
618 991 694 1042 non
725 954 931 1061 recusabat,
972 973 1089 1049 novas
1106 992 1253 1064 tamen,

261 1085 298 1160 in
322 1084 443 1179 primis
474 1083 657 1169 difficiles,
682 1085 724 1158 ad
743 1090 848 1180 quod
871 1109 985 1184 genus
1005 1086 1253 1182 pneumaticu-

136 1175 166 1304 u'
207 1289 214 1319 x
248 1223 340 1275 rum
361 1186 494 1303 placita¹
509 1201 697 1274 referenda
715 1203 815 1297 sunt,
835 1205 901 1280 uix
921 1205 1141 1280 admittebat.
1177 1211 1254 1284 Ne·

242 1337 244 1344 ⁴
263 1335 335 1414 que
347 1313 509 1397 severior
522 1318 732 1393 Stoicorum
755 1319 936 1416 disciplina
954 1323 1093 1395 Romae
1115 1326 1252 1399 radices

250 1457 365 1532 agere
380 1437 504 1530 potuit
525 1437 768 1530 temporibus,
799 1440 928 1532 quibus
959 1439 1113 1512 Romani
1141 1440 1256 1514 vitam
1289 1488 1292 1495 -

259 1547 824 1651 gerebantStoicoruminstitutis
837 1557 943 1649 plane
952 1557 1182 1632 contrariam.
1205 1555 1253 1632 lit
1366 1628 1370 1634 ,

257 1663 569 1768 pneumaticorum
584 1669 807 1744 medicorum
822 1674 952 1763 placita
966 1673 1099 1766 assequi
1114 1695 1192 1746 non
1213 1674 1253 1744 li·

260 1785 378 1875 cebat,
396 1785 1253 1883 nisiStoicorumphilosophiapenituspercepta.
1342 1798 1344 1802 '

78 1876 80 1908 ⁷
205 1891 210 1929 ⁵
328 1912 362 1990 ς.
381 1897 660 1998 237..Dotlrina
688 1921 783 1973 vero
806 1896 1119 1996 pneumaticorum
1142 1907 1252 1979 medi-

178 2083 181 2092 ,
221 2095 224 2101 ,
259 2039 385 2096 corum
407 2019 497 2094 baec
518 2031 612 2092 erat:
644 2018 853 2092 Stoicorum
880 2019 1012 2112 placita
1037 2014 1251 2114 sequentes,

258 2137 409 2212 animam
447 2136 568 2210 mundi
609 2134 732 2231 maipa
766 2136 975 2226 uocabant,
1023 2134 1264 2213 artificiosum

195 2257 199 2264 ’
229 2261 232 2268 “
258 2255 395 2351 igneio,
434 2252 494 2347 qui
517 2255 693 2327 mundum
725 2251 916 2330 aromatum
943 2251 1081 2328 faceret
1107 2245 1260 2349 ipseque
1290 2287 1295 2301 i

250 2362 459 2467 intelligens
483 2368 571 2444 esset
582 2368 803 2484 sapiensque
854 2371 964 2444 Hunc
981 2370 1138 2463 spiritum
1164 2394 1252 2445 cun-

160 2493 167 2516 “’
210 2571 212 2576 ,
255 2491 326 2565 llas
342 2488 484 2563 humani
501 2486 677 2579 &reliqui
691 2486 848 2561 animalis
866 2488 1031 2582 corporis
1051 2504 1169 2583 partes
1190 2512 1251 2582 pe·

254 2624 398 2682 netrare
424 2604 645 2695 statuebant,
671 2626 751 2695 quo
770 2603 869 2677 rede
895 2605 1094 2681 constituto
1123 2608 1161 2679 in
1186 2608 1249 2678 hu·
1359 2626 1363 2631 “

254 2713 362 2799 mano
383 2742 539 2813 corpore
564 2736 726 2797 naturam
748 2722 844 2793 bene
872 2721 1083 2799 consistere,
1110 2720 1263 2796 offenso

254 2862 349 2959 vpro
373 2839 523 2910 morbos
538 2836 639 2936 ¹nasci
667 2838 841 2931 putabant
856 2837 907 2931 k).
957 2829 1147 2913 Elementa
1171 2860 1250 2910 cae·

208 3050 210 3055 ,
254 2967 547 3048 terumquatuor
563 2976 645 3027 cum
665 2956 876 3050 dogmaticis
892 2955 969 3029 fere
995 2955 1160 3028 omnibus
1182 2954 1251 3027 sta·

253 3087 422 3160 tuerunt,
451 3070 523 3164 igni
538 3059 631 3143 vero
653 3074 826 3164 majorem
842 3074 937 3160 vim,
964 3093 1069 3164 quam
1089 3070 1249 3173 reli-quis,

124 3198 127 3218 ¹
253 3187 519 3280 adscripserunt.
574 3189 750 3281 Neque,
784 3190 883 3282 quod
903 3189 1034 3262 mirum
1064 3186 1137 3278 est,
1181 3210 1247 3275 ea,

173 3378 176 3387 ,
253 3326 344 3399 quae
369 3306 413 3377 de
438 3304 561 3393 spiritu
586 3306 787 3380 docuerant
807 3306 939 3382 cunda
960 3320 1195 3399 penetrante,
1220 3295 1260 3382 fi,

132 3476 136 3484 .
251 3444 302 3495 ex«
311 3419 539 3517 fragmentis,
566 3442 657 3513 quae
675 3423 836 3497 Galenus
856 3423 900 3495 de
918 3418 1028 3515 hujus
1045 3421 1155 3496 senae
1175 3420 1249 3516 pla·

251 3541 331 3614 citis
345 3538 524 3623 servavit,
548 3526 709 3613 dollrina
725 3539 830 3642 ipsius
845 3538 957 3613 senae
976 3540 1095 3633 potest
1115 3541 1247 3613 intelli-

248 3658 307 3765 gi,
340 3660 382 3731 ad
404 3656 605 3732 naturalem
631 3664 692 3728 aut
713 3657 1056 3770 praeternaturalem
1070 3656 1249 3731 astionem

243 3775 415 3867 corporis
433 3773 576 3845 humani
593 3774 909 3865 applicaverunt.
940 3836 943 3848 .
987 3789 1001 3827 ἰ

295 3890 946 3982 t)cl.0steruausens11.·.§1..p42.
1284 3978 1288 3994 1

274 4020 276 4025 ’
410 4019 412 4027 ’
522 4082 524 4093 .
757 4006 913 4109 [4,
1115 4016 1245 4103 §aab
