2892 4575
223 411 311 514 ,iot
486 411 579 492 Med
607 423 693 513 antiq
694 441 752 490 nae
781 419 907 494 Perind.
930 419 1000 495 IV.
1018 420 1024 428 '

158 657 159 665 c
242 583 403 673 ratione,
429 595 644 669 omnemque
670 576 706 650 in
735 577 1003 679 medicamentis
1028 580 1063 652 dt
1088 581 1243 670 morbo·-

240 721 319 778 rum
333 695 536 796 nominibus
554 684 772 766 medicinam
778 692 849 764 elie
864 667 1103 772 existimantes
1120 743 1131 782 ‚
1150 698 1234 770 reli-

241 837 310 912 qua
330 811 471 893 omnin,
498 830 588 902 quae
611 809 654 882 ad
676 809 806 881 medici
828 804 1009 884 scientiam
1028 773 1242 906 peronent,‘

238 953 326 1008 non
346 927 528 1002 curabant
579 923 628 996 Et
661 923 728 998 hae
755 923 896 1016 quidem
927 926 1124 1002 medicinae
1157 951 1235 1019 npn

240 1064 368 1126 omnes
393 1023 571 1114 naturales
598 1029 720 1132 etant,
743 1039 826 1114 xsed
855 1044 1074 1135 permultae,
1107 1032 1236 1136 quibua

240 1161 285 1234 ad
306 1157 454 1230 morbos
484 1153 759 1245 supernaturalis
786 1156 842 1230 vis
864 1141 1017 1250 tributa,
1053 1173 1116 1232 atrt
1143 1178 1234 1250 quo·

240 1295 319 1349 rum
335 1273 452 1344 virtus
467 1269 505 1341 in
520 1267 699 1360 subinde,
718 1291 822 1362 quarn
839 1270 881 1343 iis
897 1272 1132 1358 adhibebant,
1148 1293 1236 1346 con
1308 1310 1310 1316 ·

110 1463 112 1474 ,
239 1382 377 1464 stabat.
412 1385 521 1460 Hinc
534 1383 880 1460 medicamentorum
900 1387 1033 1465 absone
1058 1389 1237 1483 compofi·
1345 1453 1349 1461 .

208 1566 211 1590 .
242 1523 364 1590 torum
382 1514 482 1576 tanta
497 1501 727 1576 multitudo.
1066 1497 1070 1510 '

312 1615 350 1719 d.
367 1641 446 1716 274
459 1617 572 1690 Penes
585 1616 813 1691 methodicos
827 1584 946 1706 vero,
966 1617 1144 1692 aGaleno
1157 1634 1242 1696 tan-f

241 1759 372 1835 topere
399 1748 559 1820 taxatos,
591 1732 615 1808 sr
643 1754 707 1806 eos
735 1757 780 1806 ex
806 1733 919 1806 Caelii
935 1733 1030 1807 libro
1052 1735 1232 1814 aestimare

240 1858 348 1945 licet,
366 1853 401 1928 or
418 1849 546 1924 vtilior
564 1848 792 1960 pantologia,
809 1849 978 1945 &praxis
995 1851 1127 1926 idonea
1142 1869 1234 1944 erat,

240 1990 286 2047 vt
320 1965 668 2059 contemplationum
694 1965 771 2036 vim
797 1965 835 2038 in
866 1957 1078 2040 medicinam
1107 1981 1239 2062 eorum

242 2080 544 2164 minusinfluxille
560 2082 650 2154 adeo
665 2079 761 2154 reite
775 2078 948 2155 aestimet
996 2080 1236 2157 Fidestamcn

241 2205 285 2278 iis
306 2200 460 2276 adbibita
477 2195 528 2272 est
545 2218 621 2271 non
636 2196 768 2293 multa,
795 2197 844 2270 ob
865 2196 1047 2273 levidense
1067 2199 1235 2291 studium,

242 2320 340 2417 qnod
363 2318 406 2391 ad
430 2315 640 2389 medicinam
659 2306 729 2409 elle
754 2313 986 2389 neceliarium
1009 2317 1093 2389 vani
1116 2317 1236 2410 perhi

223 2436 387 2523 ‚bebant
436 2432 563 2538 Longe
582 2430 695 2517 major
716 2426 927 2503 existimatio
949 2432 1235 2529 dogmaticorum

242 2550 370 2626 Galeni
400 2546 621 2640 temporibus
653 2541 791 2624 Romae
823 2547 1116 2625 &Alexandriae
1146 2549 1234 2623 fuit:

241 2666 373 2744 summa
393 2662 682 2738 methodicorum
707 2661 859 2821 Augulli
886 2668 1110 2767 temporibus
1131 2663 1234 2741 fuine

240 2785 454 2860 videtur.
1237 2868 1241 2871 ‚

191 2889 193 2901 '
311 2903 348 2988 ς.
367 2910 451 2995 275.
474 2892 725 2969 Medicorum
715 2911 836 2988 ltaque
852 2898 907 2973 his
926 2899 1148 2993 temporibus
1163 2898 1234 2972 stu·
1244 2975 1247 2979 A

240 3017 299 3091 dia
324 3013 435 3089 divisa
457 3027 558 3087 erant
573 3012 667 3085 inter
683 3012 863 3087 causarum
881 3015 1069 3089 latentium
1091 3016 1233 3109 indaga·

155 3126 166 3239 ἀ
238 3136 380 3211 tionem
404 3130 797 3205 &medicamentorum
820 3131 1100 3223 compositiones
1122 3151 1236 3203 exco-

241 3249 418 3347 gitandas,
445 3236 663 3339 parcumque
691 3260 790 3335 erat,
822 3249 923 3338 quod·
939 3247 1136 3340 medicina,
1161 3246 1234 3319 vti.

240 3354 283 3443 lis
301 3364 438 3439 homini
459 3361 597 3449 futura,
621 3359 704 3432 inde
721 3361 920 3455 accipiebat
935 3366 1233 3438 emolumentum.

237 3479 391 3561 Rixis&
415 3476 710 3553 contentionibus
728 3479 855 3570 partim
876 3479 971 3553 inter
996 3480 1126 3571 seties,
1152 3466 1232 3573 par·

235 3598 303 3675 tim
323 3598 418 3671 inter
439 3595 608 3677 medicos·
623 3592 686 3665 vrii
707 3592 819 3667 senae
841 3595 1021 3685 additos,
1046 3600 1083 3671 in
1108 3597 1231 3692 primis

237 3712 484 3809 dogmaticos,
510 3708 612 3783 causa
635 3709 822 3802 multiplex
844 3712 924 3800 ansa
945 3715 1072 3809 dabat,
1102 3735 1235 3787 verum

152 3893 154 3901 s
184 3896 199 3937 ,
235 3832 329 3915 baec
353 3846 431 3903 non
456 3826 507 3909 ad,
527 3826 720 3901 certiorem
746 3826 782 3898 dc
807 3827 992 3907 vtiliorem
1013 3832 1236 3923 reddendam
1281 3858 1285 3864 ’

153 3968 155 3975 ’
1120 3946 1234 4023 medi·
