2892 4575
248 490 321 566 aso
507 467 601 544 Med.
627 479 745 542 rarae.
771 467 889 543 Perua
914 467 968 545 11.-

212 692 216 710 Λ
316 639 347 720 ς.
368 607 450 728 μά.
476 625 667 702 Zachariae
685 629 799 719 lilius,
826 628 1034 719 Attuariaaj
1054 628 1259 704 archiater

129 831 135 844 ,
244 749 283 823 in
308 748 386 820 aula
403 743 820 840 constantinopolitana,
838 750 995 834 lisdem,
1015 747 1143 839 qurlrus
1163 746 1262 818 De-

242 863 416 953 metrius,
436 861 681 964 temporibus,
703 859 830 938 vixiise
847 863 1003 938 videtur.
1032 862 1166 938 Libros
1184 859 1260 934 VI

245 980 291 1054 de
314 981 490 1052 methodo
512 973 676 1052 medendi
704 979 869 1076 inlegati
891 979 1116 1073 imperatoris
1137 978 1257 1050 usum

110 1121 115 1128 ·
243 1097 471 1192 conscripsit,
498 1111 669 1190 excerpta
683 1119 728 1169 ex
743 1097 895 1171 aliorum
912 1097 1134 1170 medicorum
1150 1117 1255 1189 ope·

209 1298 211 1308 ¹
242 1215 340 1290 ribus
364 1215 606 1289 continentes.
638 1213 724 1287 -De
750 1213 990 1308 palpitatione
1014 1205 1134 1285 cordis
1161 1225 1253 1286 non
1343 1282 1344 1299 ,

126 1419 128 1424 ,
161 1352 171 1378 ·
241 1333 390 1430 propria
406 1333 482 1427 ipsr,
507 1348 553 1407 vt
566 1331 723 1406 Freindii
741 1336 773 1419 r)
787 1351 888 1402 mens
909 1344 999 1420 erat,
1023 1326 1248 1419 sedendam,

243 1471 335 1544 qnae
367 1451 546 1534 Galenus,
577 1449 742 1541 protulit.
798 1444 986 1520 Mitiorum
1010 1447 1246 1542 purgantium

240 1567 376 1664 primus
400 1565 624 1648 mentionem
649 1563 759 1652 fecit,
795 1550 1246 1655 caffiae‚1man'nae,rsen-

240 1706 310 1762 nae
329 1681 596 1772 folliculorum,
617 1663 951 1774 inyrobalanorum.
999 1675 1142 1754 Horum
1160 1701 1263 1789 me·x

240 1801 527 1876 dicernentorum
558 1799 806 1896 cognitionem
829 1820 849 1872 a
870 1797 1056 1872 Saracenis
1083 1796 1244 1889 accepit

242 1913 388 1992 Nucem
403 1916 640 2003 molchatam,
656 1917 840 1992 moschum
856 1915 1061 2010 descripfit.
1095 1913 1242 2004 Aquam

240 2055 288 2109 ex
304 2036 390 2112 rosis
405 2033 631 2124 stillatitiam,
657 2033 924 2130 rhodostagma,
953 2033 1085 2128 primus
1101 2049 1242 2103 memo-

225 2151 358 2243 ravit,
393 2147 632 2242 saccharoque
660 2150 703 2223 ad
722 2151 856 2243 julapia
881 2147 1134 2243 componenda
1152 2145 1243 2217 vsue

240 2264 303 2343 est.
353 2265 560 2359 Primusque
574 2266 669 2339 inter
680 2266 843 2342 Graecos
856 2267 948 2356 adeo
962 2265 1051 2355 fuit,
1069 2263 1130 2359 qui
1147 2262 1236 2336 clre-

239 2382 331 2457 miae
344 2382 564 2456 medicinalis
581 2386 755 2473 quandam
772 2384 1022 2482 cognitionem
1040 2385 1202 2456 haberet.

286 2504 318 2589 l)
338 2510 447 2571 Freind
462 2510 562 2571 histor.
584 2510 692 2575 medic.
715 2528 748 2585 p.
773 2524 853 2586 209.
1062 2502 1064 2508 ’

310 2620 346 2707 5.
365 2640 445 2715 343.
469 2618 567 2691 Libri
591 2617 668 2709 ejus
692 2614 799 2691 etiam
825 2620 869 2691 ad
890 2640 959 2693 nos
973 2632 1238 2712 ·pervenerunt

162 2756 174 2801 f
238 2737 284 2813 de
303 2731 442 2831 spiritus
457 2732 614 2808 animalis
631 2732 829 2823 aelionibus
841 2737 875 2809 dc
886 2733 1093 2830 affectibus,
1109 2734 1146 2809 in
1157 2734 1235 2827 qui·

236 2854 305 2930 bus
341 2854 498 2926 animum
530 2852 745 2949 implicem,
764 2855 961 2944 divinum,
995 2853 1261 2926 immortalem<
1341 2937 1342 2940 Ἴ

238 2968 329 3061 eise,
354 2990 472 3060 neque
492 2968 566 3061 pati
588 2970 688 3063 polle
709 2993 775 3064 per
799 2968 834 3043 se
858 2970 1141 3060 confideratum,
1165 2988 1234 3040 ve«

236 3106 316 3160 rum
328 3099 474 3162 tautum
491 3086 540 3157 ob
563 3082 723 3178 spiritum
741 3088 948 3174 animalem,
968 3106 1047 3179 quo
1064 3101 1233 3177 tanquam

237 3190 438 3293 vehiculo,
479 3202 542 3274 vel
569 3200 732 3275 ministro
761 3218 906 3296 vtetur,
955 3204 1128 3297 cujusque
1141 3217 1144 3224 ·
1158 3221 1231 3295 ope

240 3319 399 3397 actiones
420 3317 497 3393 suas
518 3319 678 3411 exserat,
698 3318 831 3397 statuit.
867 3320 1062 3416 spirituum
1075 3319 1229 3415 origines

207 3438 210 3442 ’
240 3435 372 3508 eodem
399 3438 531 3527 modo,
565 3458 639 3529 quo
665 3438 824 3511 Galemas
854 3441 907 3525 (S.
923 3440 1037 3535 293),
1072 3435 1227 3512 tradidit.

237 3553 363 3647 Quum
378 3572 471 3625 cum
497 3554 640 3639 Galeno
665 3576 791 3628 omnes
817 3554 958 3648 spiritus
987 3574 1033 3627 ex
1055 3550 1227 3627 alimentis

239 3664 380 3741 exsolvi
414 3666 606 3761 statuiffet‚
638 3692 787 3767 prauam
821 3668 1055 3766 digestionem
1088 3668 1224 3763 spiritua

187 3782 188 3785 ’
241 3783 387 3893 turbate
399 3804 539 3888 eoaque
559 3788 690 3862 mallos
707 3800 745 3861 et
760 3785 970 3881 fuliginosoa
985 3786 1136 3860 reddere
1153 3806 1224 3857 cre·

193 3904 197 3919 “
236 3898 336 3978 didit.
386 3896 600 3974 Morborum
623 3902 742 3981 causas
764 3905 894 3978 eodem
909 3901 1045 3992 modo,
1071 3923 1145 3996 quo
1158 3900 1223 3973 Ga·
1276 3925 1279 3935 ¹

312 4034 314 4043 “
347 4052 354 4067 ·
626 4033 631 4041 ’
1099 4017 1220 4107 lenus,
