2892 4575
199 371 322 510 ,m
500 408 1092 492 mmmm*

134 616 137 632 ·
254 585 376 667 extat,
400 569 438 650 in
452 591 527 668 quo
545 573 589 648 de
611 574 873 650 tradabioribus
893 574 1009 652 solum
1030 573 1166 672 agiturr
1186 577 1275 650 ho·

253 711 333 766 rum
350 690 498 766 nomina
515 691 743 789 quadraginta
760 691 796 765 δι
822 689 882 765 sex
908 707 1262 782 commemorantur,

255 806 316 901 qui
340 807 502 894 medicos
527 807 689 886 Graecos
710 807 868 882 Arabica
887 808 1170 902 converterint,
1194 806 1264 882 sed
1334 838 1335 905 ι

238 914 446 1001 'Honainus
474 923 626 998 caeteris
655 924 910 1018 anteponitur,
937 925 1038 1016 cujus
1061 922 1265 999 cadunio·

144 1055 149 1062 ·
255 1061 321 1140 nes
335 1039 444 1118 'etiam
463 1041 620 1118 maximo
647 1032 784 1135 semper
801 1037 885 1134 poli
906 1036 944 1116 id
956 1039 1106 1136 'tempus
1129 1038 1169 1114 in
1183 1039 1264 1113 bo·
1334 1124 1335 1137 Ν

204 1193 208 1203 ,
254 1175 348 1230 nore
362 1160 567 1232 manserunt
580 1153 626 1240 l).
664 1155 793 1253 Longe
802 1156 988 1232 maximam
1002 1177 1149 1252 quoque
1167 1177 1265 1252 ope·
1334 1150 1335 1187 ³

254 1291 335 1348 rum
363 1272 654 1368 Hippocratis&
685 1273 815 1348 Galerii
843 1287 989 1368 partem
1009 1273 1048 1348 in
1064 1271 1265 1367 ‘Syriacam

114 1383 117 1390 “
203 1449 208 1456 .
254 1402 318 1470 aut
334 1387 524 1464 Arabicam
538 1390 695 1486 linguam
713 1387 785 1466 erte
800 1387 1013 1468 conuersum
1031 1403 1114 1464 ante
1131 1388 1265 1465 Rhafis

257 1518 425 1620 tempora
440 1505 524 1580 inde
540 1525 707 1610 apparet,
730 1505 875 1602 quodie
888 1507 949 1578 vir
963 1506 1073 1602 longe
1092 1504 1265 1600 pluribus

256 1621 387 1698 horum
408 1621 630 1701 medicorum
655 1621 777 1718 libris,
808 1642 914 1716 quam
928 1643 1032 1722 quos
1060 1622 1266 1700 translatos

258 1738 329 1816 elie
349 1736 516 1814 constat
506 1757 543 1813 m
559 1739 754 1816 orientales
767 1738 925 1835 linguas,
949 1733 1035 1814 vsus
1051 1736 1115 1812 est.
1161 1737 1264 1814 Dio-

257 1853 406 1934 scuridis
428 1854 536 1930 etiam
561 1855 678 1932 libri
668 1879 706 1932 ιιι
725 1849 922 1960 Arabicum
946 1847 1146 1930 sermonem
1166 1877 1266 1932 con·
1291 1869 1294 1876 '

206 1979 208 1984 '
256 1973 374 2066 verli,
405 1985 451 2046 vt
472 1969 563 2046 alios
587 1985 752 2066 taceam,
787 1974 970 2048 extabant
1024 1969 1166 2049 Omnes
1187 1973 1272 2050 hon

257 2091 477 2184 interpretes
496 2087 555 2160 hic
576 2108 778 2162 memorare
807 2088 911 2163 nimis
928 2085 1112 2182 prolixum
1134 2088 1265 2164 foret:

257 2206 474 2303 praecipuos
492 2203 664 2297 quosdam
677 2203 895 2278 memoralia
910 2203 1072 2287 sufficiet.
1120 2203 1266 2302 Kolta,
1309 2237 1311 2246 ·

256 2322 352 2399 filius
368 2320 513 2411 Lucae,
540 2318 692 2394 chalifae
707 2320 756 2394 Al
775 2323 1017 2399 Motawaccel
1031 2322 1266 2415 temporibus

257 2442 392 2534 multos
409 2436 550 2511 libros
540 2458 578 2511 ιιι
602 2436 682 2531 ipsis
705 2438 936 2531 Graecorum,
957 2437 1062 2512 terris
1085 2438 1266 2534 congeflit

260 2576 343 2633 cunr
366 2551 481 2649 iisque
502 2550 713 2629 inErakum
739 2552 923 2648 proieiius
948 2552 1018 2642 est,
1043 2553 1092 2652 ad*
1109 2574 1177 2627 eos
1204 2556 1264 2630 in-

257 2670 510 2767 terpretandos
531 2668 594 2764 m).
644 2668 812 2746 Exeunte
836 2668 980 2746 saeculo
1001 2689 1105 2743 nono
1131 2669 1196 2746 sub
1209 2672 1264 2747 Al

258 2786 437 2865 Mottded
450 2779 933 2862 'chalifaflonritrlbullrasen
947 2784 1127 2861 Tabetex
1141 2790 1264 2865 ethni·

259 2904 312 2983 cis
336 2902 619 2995 Haranenfibus,
645 2904 683 2979 in
700 2903 862 2996 Graeca,
890 2904 1037 2999 Syriaca
1054 2904 1264 3013 tentatrice
1332 2943 1333 2964 ι

256 3006 379 3117 lingua
394 3018 535 3118 egregie
550 3016 731 3107 versatus,
755 3023 816 3115 qui
838 3021 954 3096 libros
973 3022 1119 3099 circiter
1138 3022 1202 3107 CL
1214 3026 1263 3099 ael

261 3133 501 3239 dialecticam,
526 3136 835 3231 mathematicam,
851 3230 854 3236 1
869 3136 1118 3237 astrologiam,
1143 3141 1261 3218 medi·

262 3248 378 3325 cinam
397 3250 623 3345 pertinentes
650 3252 874 3350 composuit,
920 3263 980 3352 qui
1008 3257 1078 3333 Bar
1097 3258 1263 3335 Hebraei

261 3364 485 3461 temporibus
500 3368 614 3445 adlruc
629 3369 667 3447 in
681 3392 807 3467 magna
817 3372 1080 3451 existimatione
1091 3361 1260 3463 etanta).

149 3560 151 3581 p
191 3552 195 3559 .
260 3482 313 3559 Hi
328 3484 401 3557 viri
416 3505 540 3563 omnes
554 3500 638 3562 ante
657 3487 959 3585 Rhafistenpora
974 3492 1158 3582 vixerunt.
1183 3492 1259 3568 Re·

251 3599 402 3708 ferendi
420 3620 533 3695 porro
552 3604 597 3679 ad
616 3603 687 3679 hos
710 3603 811 3697 sunt,
833 3606 895 3701 qui
915 3606 953 3683 in
974 3593 1118 3685 oriente
1142 3608 1258 3685 Grae·

148 3738 151 3753 ·
241 3736 390 3797 ¹cerrum
419 3718 631 3795 medicinam
657 3722 917 3815 propalarunt,
962 3722 1259 3824 Nadhifo’inafs,

191 3824 193 3829 ’
261 3834 424 3971 Graecus
434 3834 660 3930 medicum),
676 3835 886 3917 &AbuAlr'
899 3837 1257 3939 liafil'usZaraaep)

235 3958 248 3969 “
684 3994 693 4007 -
1022 3955 1256 4049 Οῐιιίιιά
